#uvod
@mastersthesis{kerul2016detekce,
  title={Detekce p{\v{r}}{\'\i}tomnosti zbo{\v{z}}{\'\i} v ruce z{\'a}kazn{\'\i}ka},
  author={Kerul'-Kmec, Oliver},
  type={{B.S.} thesis},
  year={2016},
  school={{\v{C}}esk{\'e} vysok{\'e} u{\v{c}}en{\'\i} technick{\'e} v Praze. Vypo{\v{c}}etn{\'\i} a informa{\v{c}}n{\'\i} centrum.}
}


#termokamera

@book{kaplan2007practical,
  title={Practical applications of infrared thermal sensing and imaging equipment},
  author={Kaplan, Herbert},
  volume={75},
  year={2007},
  publisher={SPIE press}
}

@book{gaussorgues2012infrared,
  title={Infrared thermography},
  author={Gaussorgues, Gilbert and Chomet, Seweryn},
  volume={5},
  year={2012},
  publisher={Springer Science \& Business Media}
}

@book{vollmer2010infrared,
  title={Infrared thermal imaging: fundamentals, research and applications},
  author={Vollmer, Michael and M{\"o}llmann, Klaus-Peter},
  year={2010},
  publisher={John Wiley \& Sons}
}

@mastersthesis{puhl2015bezkontaktni,
  title={Bezkontaktn{\'\i} m{\v{e}}{\v{r}}en{\'\i} teploty},
  author={Puhl, Dan},
  type={{B.S.} thesis},
  year={2015},
  school={{\v{C}}esk{\'e} vysok{\'e} u{\v{c}}en{\'\i} technick{\'e} v Praze. Vypo{\v{c}}etn{\'\i} a informa{\v{c}}n{\'\i} centrum.}
}

@mastersthesis{smrvz2013bezkontaktni,
  title={Bezkontaktn{\'\i} m{\v{e}}{\v{r}}en{\'\i} teploty},
  author={Smr{\v{z}}, Martin},
  type={{B.S.} thesis},
  year={2013},
  school={Vysok{\'e} u{\v{c}}en{\'\i} technick{\'e} v Brn{\v{e}}. Fakulta elektrotechniky a komunika{\v{c}}n{\'\i}ch technologi{\'\i}}
}

@online{kadleckzadkladymereni1,
 author  = "Karel Kadlec",
 title   = "Teoretické základy bezdotykového měření teploty (část 1)",
 url     = "http://automa.cz/Aton/FileRepository/pdf_articles/52890.pdf",
 note = "[cit. 2017-04-02]",
 howpublished={[online]}
}

@online{kadlecsovatermokamery,
 author  = "Karel Kadlec and Jan Sova",
 title   = "Termokamery a pyrometry – princip měření, vlastnosti a využití",
 url     = "http://www.allforpower.cz/UserFiles/file/termokamery_1.pdf",
 note = "[cit. 2017-04-02]",
 howpublished={[online]}
}


@phdthesis{stupvnankova2009ir,
  title={IR z{\'a}{\v{r}}en{\'\i} v sou{\v{c}}asnosti},
  author={Stupňánková, Magda},
  year={2009},
  school={Masarykova univerzita, L{\'e}ka{\v{r}}sk{\'a} fakulta}
}

@mastersthesis{jakl2011experimentalni,
  title={Experiment{\'a}ln{\'\i} m{\v{e}}{\v{r}}en{\'\i} s termovizn{\'\i} kamerou},
  author={Jakl, Old{\v{r}}ich},
  type={{B.S.} thesis},
  year={2011},
  school={Vysok{\'e} u{\v{c}}en{\'\i} technick{\'e} v Brn{\v{e}}. Fakulta elektrotechniky a komunika{\v{c}}n{\'\i}ch technologi{\'\i}}
}

@mastersthesis{malik2012zpracovani,
  title={Zpracov{\'a}n{\'\i} dat z termokamery},
  author={Mal{\'\i}k, Dalibor},
  year={2012},
  school={Vysok{\'e} u{\v{c}}en{\'\i} technick{\'e} v Brn{\v{e}}. Fakulta elektrotechniky a komunika{\v{c}}n{\'\i}ch technologi{\'\i}}
}

@mastersthesis{kuvzel2010bezkontaktni,
  title={Bezkontaktn{\'\i} m{\v{e}}{\v{r}}en{\'\i} teplot},
  author={Kužel, K},
  year={2010},
  type={{B.S.} thesis},
  school={Vysok{\'e} u{\v{c}}en{\'\i} technick{\'e} v Brn{\v{e}}, Fakulta strojn{\'\i}ho in{\v{z}}en{\`y}rstv{\'\i}}
}

@article{vandervlugtchoosing,
  title={Choosing Optical Materials for Long Wave Infrared (8-12$\mu$m) Applications},
  author={Vandervlugt, Corrie},
  year={2009},
}

@online{flirtools,
 author  = "{FLIR Systems}",
 title   = "Flir Tools+ software",
 url     = "http://www.flir.com/instruments/display/?id=60416",
 note = "[cit. 2017-04-15]",
 howpublished={[online]}
}

@article{balga2013software,
  title={Software pro IP termokamerov{\'e} syst{\'e}my},
  author={Balga, Mat{\v{e}}j},
  year={2013},
  publisher={{\v{C}}esk{\'e} vysok{\'e} u{\v{c}}en{\'\i} technick{\'e} v Praze. Vypo{\v{c}}etn{\'\i} a informa{\v{c}}n{\'\i} centrum.}
}

##konstrukce

@inproceedings{daniels2010field,
  title={Field Guide to Infrared Systems, Detectors, and FPAs},
  author={Daniels, Arnold},
  year={2010},
  organization={SPIE}
}

@book{rogalski2010infrared,
  title={Infrared detectors},
  author={Rogalski, Antonio},
  year={2010},
  publisher={CRC press}
}

@online{flirSc7000,
 author  = "{FLIR Systems}",
 title   = "FLIR SC 7000 datasheet",
 url     = "http://www.flirmedia.com/MMC/THG/Brochures/RND_017/RND_017_US.pdf",
 note = "[cit. 2017-04-15]",
 howpublished={[online]}
}

@online{vojavcekco,
  title={Co jsou BOLOMETRY a MIKROBOLOMETRY},
  author={Vojáček, Anton{\'\i}n},
  journal={Automatizace. hw. cz: M{\v{e}}{\v{r}}en{\'\i} a regulace},
  url     = "http://automatizace.hw.cz/clanek/2005111601",
  note = "[cit. 2017-04-25]",
  howpublished={[online]}
}




##ziskavani dat
@online{emvaGenicam,
 author  = "{European Machine Vision Association}",
 title   = "GenICam standard",
 url     = "http://www.emva.org/standards-technology/genicam/genicam-downloads/",
 note = "[cit. 2017-04-25]",
 howpublished={[online]}
}

@online{aiaGigeVision,
 author  = "{Automated Imaging Association}",
 title   = "The World's Largest Machine Vision Trade Association",
 url     = "http://www.visiononline.org/vision-standards-details.cfm?type=5",
 note = "[cit. 2017-04-25]",
 howpublished={[online]}
}

##sdk

@online{jaiSdk,
 author  = "JAI",
 title   = "JAI SDK and Control Tool",
 url     = "http://www.jai.com/en/support/jai_sdk_and_control_tool",
 note = "[cit. 2017-04-25]",
 howpublished={[online]}
}

@online{atlasSdk,
 author  = "{FLIR Systems}",
 title   = "Atlas SDK",
 url     = "http://flir.custhelp.com/app/answers/detail/a_id/1043/~/atlas-sdk",
 note = "[cit. 2017-04-25]",
 howpublished={[online]}
}

@online{ebusSdk,
 author  = "{Pleora Technologies Inc.}",
 title   = "eBUS SDK",
 url     = "http://www.pleora.com/our-products/ebus-sdk",
 note = "[cit. 2017-04-25]",
 howpublished={[online]}
}

@online{activeGige,
 author  = "{A\&B Software LLC}",
 title   = "Active GigE",
 url     = "http://www.ab-soft.com/activegige.php",
 note = "[cit. 2017-04-25]",
 howpublished={[online]}
}

#analyza

##resrse

@inproceedings{saba2012dante,
  title={Dante vision: In-air and touch gesture sensing for natural surface interaction with combined depth and thermal cameras},
  author={Saba, Elliot N and Larson, Eric C and Patel, Shwetak N},
  booktitle={Emerging Signal Processing Applications (ESPA), 2012 IEEE International Conference on},
  pages={167--170},
  year={2012},
  organization={IEEE}
}

@article{otsu1975threshold,
  title={A threshold selection method from gray-level histograms},
  author={Otsu, Nobuyuki},
  journal={Automatica},
  volume={11},
  number={285-296},
  pages={23--27},
  year={1975}
}

@article{appenrodt2010data,
  title={Data gathering for gesture recognition systems based on single color-, stereo color-and thermal cameras},
  author={Appenrodt, J{\"o}rg and Al-Hamadi, Ayoub and Michaelis, Bernd},
  journal={International Journal of Signal Processing, Image Processing and Pattern Recognition},
  volume={3},
  number={1},
  pages={37--50},
  year={2010}
}

@article{palmero2016multi,
  title={Multi-modal RGB--Depth--Thermal Human Body Segmentation},
  author={Palmero, Cristina and Clap{\'e}s, Albert and Bahnsen, Chris and M{\o}gelmose, Andreas and Moeslund, Thomas B and Escalera, Sergio},
  journal={International Journal of Computer Vision},
  volume={118},
  number={2},
  pages={217--239},
  year={2016},
  publisher={Springer}
}

@inproceedings{vidas20133d,
  title={3D thermal mapping of building interiors using an RGB-D and thermal camera},
  author={Vidas, Stephen and Moghadam, Peyman and Bosse, Michael},
  booktitle={Robotics and Automation (ICRA), 2013 IEEE International Conference on},
  pages={2311--2318},
  year={2013},
  organization={IEEE}
}

@inproceedings{sato2000fast,
  title={Fast tracking of hands and fingertips in infrared images for augmented desk interface},
  author={Sato, Yoichi and Kobayashi, Yoshinori and Koike, Hideki},
  booktitle={Automatic Face and Gesture Recognition, 2000. Proceedings. Fourth IEEE International Conference on},
  pages={462--467},
  year={2000},
  organization={IEEE}
}

@article{duarte2014segmentation,
  title={Segmentation algorithms for thermal images},
  author={Duarte, A and Carr{\~a}o, L and Espanha, M and Viana, T and Freitas, D and B{\'a}rtolo, P and Faria, P and Almeida, HA},
  journal={Procedia Technology},
  volume={16},
  pages={1560--1569},
  year={2014},
  publisher={Elsevier}
}

@article{zeng2012hand,
  title={A hand gesture based interactive presentation system utilizing heterogeneous cameras},
  author={Zeng, Bobo and Wang, Guijin and Lin, Xinggang},
  journal={Tsinghua Science and Technology},
  volume={17},
  number={3},
  pages={329--336},
  year={2012},
  publisher={TUP}
}

##ostatni

@article{pvrikopa2011navrhnvete,
  title={Navrhn{\v{e}}te teplotn{\'\i} model prochl{\'a}d{\'a}n{\'\i} lidsk{\'e}ho organismu},
  author={P{\v{r}}{\'\i}kopa, Zden{\v{e}}k},
  year={2011},
  publisher={{\v{C}}esk{\'e} vysok{\'e} u{\v{c}}en{\'\i} technick{\'e} v Praze. Vypo{\v{c}}etn{\'\i} a informa{\v{c}}n{\'\i} centrum.}
}

@inproceedings{mlvcak2007mapovani,
  title={Mapov{\'a}n{\'\i} teplotn{\'\i}ch pol{\'\i} na povrchu lidsk{\'e}ho t{\v{e}}la pomoc{\'\i} termovizn{\'\i} kamery},
  author={Ml{\v{c}}{\'a}k, Roman and Pavelek, Milan},
  booktitle={Revelling in Reference: XXVI. Conference Hydro-Termo},
  pages={62--64},
  year={2007}
}

@inproceedings{olbrycht2014new,
  title={New Approach to thermal drift correction and gain determination in Microbolometer thermal cameras},
  author={Olbrycht, R and Wiecek, B},
  booktitle={12th Quantitative InfraRed Thermography Conference, QIRT},
  pages={7--11},
  year={2014}
}

@inproceedings{riou2004nonuniformity,
  title={Nonuniformity correction and thermal drift compensation of thermal infrared camera},
  author={Riou, Olivier and Berrebi, St{\'e}phane and Bremond, Pierre},
  booktitle={Defense and Security},
  pages={294--302},
  year={2004},
  organization={International Society for Optics and Photonics}
}

@techreport{postel1980user,
  title={User datagram protocol},
  author={Postel, Jon},
  year={1980}
}

@article{postel1981transmission,
  title={Transmission control protocol},
  author={Postel, Jon},
  year={1981}
}

@online{flirA65Spec,
 author  = "{FLIR Systems}",
 title   = "FLIR A65 datasheet",
 url     = "http://www.mds-flir.com/data/bbsData/Ax5.pdf",
 note = "[cit. 2017-05-01]",
 howpublished={[online]}
}

@online{opencv_library,
    author = {Bradski, G.},
    title = "OpenCV library",
    url     = "http://opencv.org/",
    note = "[cit. 2017-05-01]",
    howpublished={[online]}
}

@online{javafx,
    author = {Oracle Corporation},
    title = JavaFX,
    url     = "http://docs.oracle.com/javase/8/javase-clienttechnologies.htm",
    note = "[cit. 2017-05-01]",
    howpublished={[online]}
}

@online{rapidminer,
    author = {RapidMiner},
    title = RapidMiner,
    url     = "https://rapidminer.com/",
    note = "[cit. 2017-05-02]",
    howpublished={[online]}
}



#mozne reseni

@article{huang1979fast,
  title={A fast two-dimensional median filtering algorithm},
  author={Huang, T and Yang, GJTGY and Tang, G},
  journal={IEEE Transactions on Acoustics, Speech, and Signal Processing},
  volume={27},
  number={1},
  pages={13--18},
  year={1979},
  publisher={IEEE}
}

@inproceedings{tomasi1998bilateral,
  title={Bilateral filtering for gray and color images},
  author={Tomasi, Carlo and Manduchi, Roberto},
  booktitle={Computer Vision, 1998. Sixth International Conference on},
  pages={839--846},
  year={1998},
  organization={IEEE}
}

@book{serra1982image,
  title={Image analysis and mathematical morphology, v. 1},
  author={Serra, Jean},
  year={1982},
  publisher={Academic press}
}

@article{canny1986computational,
  title={A computational approach to edge detection},
  author={Canny, John},
  journal={IEEE Transactions on pattern analysis and machine intelligence},
  number={6},
  pages={679--698},
  year={1986},
  publisher={IEEE}
}

@book{kaehler2016learning,
  title={Learning OpenCV 3: Computer Vision in C++ with the OpenCV Library},
  author={Kaehler, Adrian and Bradski, Gary},
  year={2016},
  publisher={" O'Reilly Media, Inc."}
}

@manual{opencvMOG,
 organization = {Itseez},
 title   = "OpenCV - Background Subtraction Methods",
 year = 2015,
 url     = "http://docs.opencv.org/3.1.0/d1/dc5/tutorial_background_subtraction.html",
 note = "[cit. 2017-05-02]",
 howpublished={[online]}
}

@manual{opencvaproxpoly,
  title = {The OpenCV Reference Manual - AproxPolyDP},
  organization = {Itseez},
  year = {2014},
  url     = "http://docs.opencv.org/2.4/modules/imgproc/doc/structural_analysis_and_shape_descriptors.html\#approxpolydp",
 note = "[cit. 2017-05-02]",
 howpublished={[online]}
  }


@article{canny1986computational,
  title={A computational approach to edge detection},
  author={Canny, John},
  journal={IEEE Transactions on pattern analysis and machine intelligence},
  year={1986},
  publisher={IEEE}
}


#implementace

@online{ebusplayermod,
  author = "Lukáš Brchl",
  title = {Modified eBUS Player},
  url  = "https://github.com/brchlluk/Modified-eBUS-Player",
  note = "[cit. 2017-05-15]",
  howpublished={[online]}
}

@online{thesisproject,
  author = "Lukáš Brchl",
  title = {Thesis project application},
  url  = "https://github.com/brchlluk/ThesisProject",
  note = "[cit. 2017-05-15]",
  howpublished={[online]}
}

@online{flirimageviewer,
  author = "Lukáš Brchl",
  title = {FLIR Image viewer},
  url  = "https://github.com/brchlluk/FLIR-image-viewer",
  note = "[cit. 2017-05-15]",
  howpublished={[online]}
}






#images

##termokamera

@online{thermalSampleImage,
 author  = "{FLIR Systems}",
 title   = "Flir Water heater sample image",
 url     = "http://www.flir.com.hk/uploadedImages/Thermography_USA/Products/Ex-Series/E8-Water-Heater.jpg",
 note = "[cit. 2017-04-03]",
 howpublished={[online]}
}

@online{konstrukcetermokamery,
 author  = "Jan Sova",
 title   = "Konstrukce termokamery",
 url     = "http://www.termokamera.cz/konstrukce-termokamery/",
 note = "[cit. 2017-04-25]",
 howpublished={[online]}
}

@online{flirFPGAsignal,
 author  = "Mathworks",
 title   = "FLIR Accelerates Development of Thermal Imaging FPGA",
 url     = "https://www.mathworks.com/company/user_stories/flir-accelerates-development-of-thermal-imaging-fpga.html",
 note = "[cit. 2017-04-25]",
 howpublished={[online]}
}

@online{genicamProtocolImage,
 author  = "{STEMMER IMAGING Ltd}",
 title   = "GigE Vision and GenICam",
 url     = "https://www.stemmer-imaging.co.uk/en/technical-tips/gige-vision-and-genicam/",
 note = "[cit. 2017-04-28]",
 howpublished={[online]}
}




